% Encoding: UTF-8

@Article{kuchment2016overview,
  author  = {Kuchment, Peter},
  title   = {An overview of periodic elliptic operators},
  year    = {2016},
  volume  = {53},
  number  = {3},
  pages   = {343--414},
  journal = {Bulletin of the American Mathematical Society},
}

@Book{dorfler2011photonic,
  author    = {D{\"o}rfler, Willy and Lechleiter, Armin and Plum, Michael and Schneider, Guido and Wieners, Christian},
  title     = {Photonic crystals: Mathematical analysis and numerical approximation},
  year      = {2011},
  volume    = {42},
  publisher = {Springer Science \& Business Media},
}

@Vook{reed1908methods,
  title={Methods of modern mathematical physics},
  author={Reed, Michael and Simon, Barry},
  volume={2},
  year={1908},
  publisher={Academic press}
}

@Book{godunov1998modern,
  author = {Godunov, Sergei Konstantinovich},
  title  = {Modern aspects of linear algebra},
  volume={175},
  year={1998},
  publisher={American Mathematical Soc.}
}

@Book{werner2006funkana,
  author    = {Werner, Dirk},
  title     = {Funktionalanalysis},
  year      = {2006},
  publisher = {Springer},
}

@article{khrabustovskyi2016spectral,
  title={Spectral properties of an elliptic operator with double-contrast coefficients near a hyperplane},
  author={Khrabustovskyi, Andrii and Plum, Michael},
  journal={Asymptotic Analysis},
  volume={98},
  number={1-2},
  pages={91--130},
  year={2016},
  publisher={IOS Press}
}

@article{hoang2009computer,
  title={A computer-assisted proof for photonic band gaps},
  author={Hoang, Vu and Plum, Michael and Wieners, Christian},
  journal={Zeitschrift f{\"u}r angewandte Mathematik und Physik},
  volume={60},
  number={6},
  pages={1035--1052},
  year={2009},
  publisher={Springer}
}

@Book{adams2003sobolev,
  author    = {Adams, Robert A and Fournier, John JF},
  title     = {Sobolev spaces},
  year      = {2003},
  volume    = {140},
  publisher = {Academic press},
}

@Misc{heering2002elektrophysik,
  author       = {Heering, Werner},
  title        = {Elektrophysik. Lecture notes},
  year         = {2002},
  howpublished = {Karlsruhe Institute of Technology},
  note         = {\url{https://www.lti.kit.edu/3866.php}, Accessed 08/09/16},
  url          = {https://www.lti.kit.edu/3866.php},
}

@book{forster2012analysis,
  title={Analysis 3: Ma{\ss}-und Integrationstheorie, Integrals{\"a}tze im IRn und Anwendungen},
  author={Forster, Otto},
  volume={3},
  year={2012},
  publisher={Springer-Verlag}
}

@Misc{plum2015dglhr,
  author       = {Plum, Michael},
  title        = {Differentialgleichungen und {H}ilbertr√§ume. Lecture notes},
  year         = {2015},
  howpublished = {Karlsruhe Institute of Technology},
  note         = {\url{http://www.math.kit.edu/iana2/lehre/dglhr2015s/de}, Accessed 16/09/08},
  url          = {http://www.math.kit.edu/iana2/lehre/dglhr2015s/de},
}

@Article{evans1998partial,
  author  = {Evans, Lawrence C},
  title   = {Partial differential equations},
  year    = {1998},
  volume  = {19},
  journal = {Graduate Studies in Mathematics},
}

@Book{albeverio2012solvable,
  author    = {Albeverio, Sergio and Gesztesy, Friedrich and Hoegh-Krohn, Raphael and Holden, Helge},
  title     = {Solvable models in quantum mechanics},
  year      = {2012},
  publisher = {Springer Science \& Business Media},
}

@Comment{jabref-meta: databaseType:biblatex;}
